@article{czyzowicz,
  author    = {Jurek Czyzowicz and
               Konstantinos Georgiou and
               Ryan Killick and
               Evangelos Kranakis and
               Danny Krizanc and
               Lata Narayanan and
               Jaroslav Opatrny and
               Denis Pankratov},
  title     = {The Bike Sharing Problem},
  journal   = {CoRR},
  volume    = {abs/2006.13241},
  year      = {2020},
  url       = {https://arxiv.org/abs/2006.13241},
  eprinttype = {arXiv},
  eprint    = {2006.13241},
  timestamp = {Wed, 01 Jul 2020 15:21:23 +0200},
  biburl    = {https://dblp.org/rec/journals/corr/abs-2006-13241.bib},
  bibsource = {dblp computer science bibliography, https://dblp.org}
}
